pl This file was created with JabRef 2.10b2.
% Encoding: ISO8859_1


@InProceedings{Andersson2009,
  Title                    = {Estimation of crowd behavior using sensor networks and sensor fusion},
  Author                   = {Andersson, Maria and Rydell, Joakim and Ahlberg, J\"{o}rgen},
  Booktitle                = {Information Fusion, 2009. FUSION'09. 12th International Conference on},
  Year                     = {2009},
  Pages                    = {396-403},
  Publisher                = {IEEE},

  ISBN                     = {0982443803},
  Type                     = {Conference Proceedings}
}

@Article{Arbon2007,
  Title                    = {Mass-gathering medicine: a review of the evidence and future directions for research},
  Author                   = {Arbon, Paul},
  Journal                  = {Prehospital and disaster medicine},
  Year                     = {2007},
  Number                   = {02},
  Pages                    = {131-135},
  Volume                   = {22},

  ISSN                     = {1945-1938},
  Type                     = {Journal Article}
}

@Article{Arbon2004,
  Title                    = {The development of conceptual models for mass-gathering health},
  Author                   = {Arbon, Paul},
  Journal                  = {Prehospital and Disaster Medicine},
  Year                     = {2004},
  Number                   = {03},
  Pages                    = {208-212},
  Volume                   = {19},

  ISSN                     = {1945-1938},
  Type                     = {Journal Article}
}

@Article{Arbon2001,
  Title                    = {Mass gathering medicine: a predictive model for patient presentation and transport rates},
  Author                   = {Arbon, Paul and Bridgewater, Franklin HG and Smith, Colleen},
  Journal                  = {Prehospital and disaster medicine},
  Year                     = {2001},
  Number                   = {03},
  Pages                    = {150-158},
  Volume                   = {16},

  ISSN                     = {1945-1938},
  Type                     = {Journal Article}
}

@InBook{Bandini2011,
  Title                    = {A knowledge-based approach to crowd classification},
  Author                   = {Bandini, S and Manenti, L and Manzoni, S and Sartori, F},
  Pages                    = {515-525},
  Publisher                = {Springer},
  Year                     = {2011},
  Type                     = {Book Section},

  Booktitle                = {Pedestrian and Evacuation Dynamics},
  ISBN                     = {1441997245}
}

@Article{Berlonghi1995,
  Title                    = {Understanding and planning for different spectator crowds},
  Author                   = {Berlonghi, Alexander E},
  Journal                  = {Safety Science},
  Year                     = {1995},
  Number                   = {4},
  Pages                    = {239-247},
  Volume                   = {18},

  ISSN                     = {0925-7535},
  Type                     = {Journal Article}
}

@Article{Blumer1951,
  Title                    = {Collective behavior},
  Author                   = {Blumer, Herbert},
  Journal                  = {New outline of the principles of sociology},
  Year                     = {1951},
  Pages                    = {166-222},

  Type                     = {Journal Article}
}

@Article{Brown1954,
  Title                    = {Mass phenomena},
  Author                   = {Brown, Roger W},
  Journal                  = {Handbook of social psychology},
  Year                     = {1954},
  Pages                    = {833-876},
  Volume                   = {2},

  Type                     = {Journal Article}
}

@Article{BurkleJr2011,
  Title                    = {Ram Janki Temple: understanding human stampedes},
  Author                   = {Burkle Jr, Frederick M and Hsu, Edbert B},
  Journal                  = {The Lancet},
  Year                     = {2011},
  Number                   = {9760},
  Pages                    = {106-107},
  Volume                   = {377},

  ISSN                     = {0140-6736},
  Type                     = {Journal Article}
}

@Book{Canetti1962,
  Title                    = {Crowds and power},
  Author                   = {Canetti, Elias},
  Publisher                = {Macmillan},
  Year                     = {1962},

  ISBN                     = {0374518203},
  Type                     = {Book}
}

@Article{Challenger2009,
  Title                    = {Understanding crowd behaviours: Supporting evidence},
  Author                   = {Challenger, R and Clegg, CW and Robinson, MA},
  Journal                  = {Understanding Crowd Behavioursâ€™(Crown, 2009)},
  Year                     = {2009},
  Pages                    = {1-326},

  Type                     = {Journal Article}
}

@InProceedings{Chan2008,
  Title                    = {Privacy preserving crowd monitoring: Counting people without people models or tracking},
  Author                   = {Chan, Antoni B and Liang, Z-SJ and Vasconcelos, Nuno},
  Booktitle                = {Computer Vision and Pattern Recognition, 2008. CVPR 2008. IEEE Conference on},
  Year                     = {2008},
  Pages                    = {1-7},
  Publisher                = {IEEE},

  ISBN                     = {1424422426},
  Type                     = {Conference Proceedings}
}

@Article{Davies1995,
  Title                    = {Crowd monitoring using image processing},
  Author                   = {Davies, Anthony C and Yin, Jia Hong and Velastin, Sergio A},
  Journal                  = {Electronics \& Communication Engineering Journal},
  Year                     = {1995},
  Number                   = {1},
  Pages                    = {37-47},
  Volume                   = {7},

  ISSN                     = {0954-0695},
  Type                     = {Journal Article}
}

@InProceedings{DelirHaghighi2013,
  Title                    = {Integrating social media with ontologies for real-time crowd monitoring and decision support in mass gatherings},
  Author                   = {Delir Haghighi, Pari and Burstein, Frada and Li, He and Wang, Chao},
  Booktitle                = {PACIS 2013 Proceedings},
  Year                     = {2013},
  Pages                    = {1-14},

  Type                     = {Conference Proceedings}
}

@Article{DelirHaghighi2013a,
  Title                    = {Development and evaluation of ontology for intelligent decision support in medical emergency management for mass gatherings},
  Author                   = {Delir Haghighi, Pari and Burstein, Frada and Zaslavsky, Arkady and Arbon, Paul},
  Journal                  = {Decision Support Systems},
  Year                     = {2013},
  Number                   = {2},
  Pages                    = {1192-1204},
  Volume                   = {54},

  ISSN                     = {0167-9236},
  Type                     = {Journal Article}
}

@Misc{DeRose2005,
  Title                    = {The Compass DeRose guide to emotion words},

  Author                   = {DeRose, SJ},
  Year                     = {2005},

  Pages                    = {2007},
  Type                     = {Web Page},
  Url                      = {http://www.derose.net/steve/resources/emotionwords/ewords.html},
  Volume                   = {2}
}

@PhdThesis{Durupinar2010,
  Title                    = {From audiences to mobs: Crowd simulation with psychological factors},
  Author                   = {Durup{\i}nar, Funda},
  Year                     = {2010},
  Type                     = {Thesis},

  University               = {Bilkent University}
}

@Article{Durupinar2011,
  Title                    = {The impact of the ocean personality model on the perception of crowds},
  Author                   = {Durup{\i}nar, Funda and Pelechano, Nuria and Allbeck, Jan M and G\"{u}d\"{u}kbay, U\u{g}ur and Badler, Norman I},
  Year                     = {2011},

  Type                     = {Journal Article}
}

@InProceedings{Durupinar2008,
  Title                    = {Creating crowd variation with the OCEAN personality model},
  Author                   = {Durupinar, Funda and Allbeck, Jan and Pelechano, Nuria and Badler, Norman},
  Booktitle                = {Proceedings of the 7th international joint conference on Autonomous agents and multiagent systems-Volume 3},
  Year                     = {2008},
  Pages                    = {1217-1220},
  Publisher                = {International Foundation for Autonomous Agents and Multiagent Systems},

  ISBN                     = {0981738125},
  Type                     = {Conference Proceedings}
}

@Article{EMA1999,
  Title                    = {Manual 2 - Safe and Healthy Mass Gatherings},
  Author                   = {EMA, Australian Emergency Management},
  Journal                  = {A Health, Medical and Safety Planning Manual for Public Events. Commonwealth of Australia: Dickson ACT},
  Year                     = {1999},

  Type                     = {Journal Article}
}

@Article{FBI1967,
  Title                    = {PREVENTION AND CONTROL OF MOBS AND RIOTS},
  Author                   = {FBI},
  Year                     = {1967},

  Type                     = {Journal Article}
}

@Article{FEMA2005,
  Title                    = {Special Events Contingency Planning Manual},
  Author                   = {FEMA},
  Year                     = {2005},

  Type                     = {Journal Article}
}

@Book{Forsyth2009,
  Title                    = {Group dynamics},
  Author                   = {Forsyth, Donelson},
  Publisher                = {Cengage Learning},
  Year                     = {2009},

  ISBN                     = {1111782784},
  Type                     = {Book}
}

@Book{Fruin1970,
  Title                    = {Designing for Pedestrians: A Level of Service Concept},
  Author                   = {Fruin, J.J.},
  Publisher                = {Polytechnic University of Brooklyn},
  Year                     = {1970},

  Type                     = {Book},
  Url                      = {http://books.google.com.au/books?id=LM_EtgAACAAJ}
}

@Book{Goode1992,
  Title                    = {Collective behavior},
  Author                   = {Goode, Erich},
  Publisher                = {Saunders College Publishing},
  Year                     = {1992},

  ISBN                     = {0155000330},
  Type                     = {Book}
}

@InProceedings{Guy2011,
  Title                    = {Simulating heterogeneous crowd behaviors using personality trait theory},
  Author                   = {Guy, Stephen J and Kim, Sujeong and Lin, Ming C and Manocha, Dinesh},
  Booktitle                = {Proceedings of the 2011 ACM SIGGRAPH/Eurographics Symposium on Computer Animation},
  Year                     = {2011},
  Pages                    = {43-52},
  Publisher                = {ACM},

  ISBN                     = {1450309232},
  Type                     = {Conference Proceedings}
}

@Article{Helbing2007,
  Title                    = {Dynamics of crowd disasters: An empirical study},
  Author                   = {Helbing, Dirk and Johansson, Anders and Al-Abideen, Habib Zein},
  Journal                  = {Physical review E},
  Year                     = {2007},
  Number                   = {4},
  Pages                    = {046109},
  Volume                   = {75},

  Type                     = {Journal Article}
}

@Article{Hughes2009,
  Title                    = {Twitter adoption and use in mass convergence and emergency events},
  Author                   = {Hughes, Amanda Lee and Palen, Leysia},
  Journal                  = {International Journal of Emergency Management},
  Year                     = {2009},
  Number                   = {3},
  Pages                    = {248-260},
  Volume                   = {6},

  ISSN                     = {1471-4825},
  Type                     = {Journal Article}
}

@Article{Imhonopi2013,
  Title                    = {Collective Behaviour and Social Movements: a Conceptual Review},
  Author                   = {Imhonopi, David and Onifade, Comfort Adenike and Urim, Ugochukwu Moses},
  Journal                  = {Research on Humanities and Social Sciences},
  Year                     = {2013},
  Number                   = {10},
  Pages                    = {76-85},
  Volume                   = {3},

  ISSN                     = {2225-0484},
  Type                     = {Journal Article}
}

@Article{Jack2014,
  Title                    = {Dynamic facial expressions of emotion transmit an evolving hierarchy of signals over time},
  Author                   = {Jack, Rachael E and Garrod, Oliver GB and Schyns, Philippe G},
  Journal                  = {Current biology},
  Year                     = {2014},
  Number                   = {2},
  Pages                    = {187-192},
  Volume                   = {24},

  ISSN                     = {0960-9822},
  Type                     = {Journal Article}
}

@Article{Johansson2008,
  Title                    = {From crowd dynamics to crowd safety: a video-based analysis},
  Author                   = {Johansson, Anders and Helbing, Dirk and Al-Abideen, Habib Z and Al-Bosta, Salim},
  Journal                  = {Advances in Complex Systems},
  Year                     = {2008},
  Number                   = {04},
  Pages                    = {497-527},
  Volume                   = {11},

  ISSN                     = {0219-5259},
  Type                     = {Journal Article}
}

@InProceedings{Kannan2012,
  Title                    = {Low cost crowd counting using audio tones},
  Author                   = {Kannan, Pravein Govindan and Venkatagiri, Seshadri Padmanabha and Chan, Mun Choon and Ananda, Akhihebbal L and Peh, Li-Shiuan},
  Booktitle                = {Proceedings of the 10th ACM Conference on Embedded Network Sensor Systems},
  Year                     = {2012},
  Pages                    = {155-168},
  Publisher                = {ACM},

  ISBN                     = {1450311695},
  Type                     = {Conference Proceedings}
}

@Misc{Kessler,
  Title                    = {Crowd Panic: Proactive versus Reactive Responses},

  Author                   = {Kessler, Heather },

  Type                     = {Web Page},
  Url                      = {http://www.ifpo.org/resource-links/articles-and-reports/protection-of-specific-environments/crowd-panic-proactive-versus-reactive-responses/},
  Volume                   = {2015}
}

@Book{Kornblum2011,
  Title                    = {Sociology in a changing world},
  Author                   = {Kornblum, William},
  Publisher                = {Cengage Learning},
  Year                     = {2011},

  ISBN                     = {1111301573},
  Type                     = {Book}
}

@Article{Lee2005,
  Title                    = {Exploring trampling and crushing in a crowd},
  Author                   = {Lee, Ris S and Hughes, Roger L},
  Journal                  = {Journal of transportation engineering},
  Year                     = {2005},
  Number                   = {8},
  Pages                    = {575-582},
  Volume                   = {131},

  ISSN                     = {0733-947X},
  Type                     = {Journal Article}
}

@InProceedings{Li2010,
  Title                    = {Crowd density estimation: An improved approach},
  Author                   = {Li, Wei and Wu, Xiaojuan and Matsumoto, Koichi and Zhao, Hua-An},
  Booktitle                = {Signal Processing (ICSP), 2010 IEEE 10th International Conference on},
  Year                     = {2010},
  Pages                    = {1213-1216},
  Publisher                = {IEEE},

  ISBN                     = {1424458978},
  Type                     = {Conference Proceedings}
}

@Book{Lofland1985,
  Title                    = {Protest: Studies of collective behavior and social movements},
  Author                   = {Lofland, John},
  Publisher                = {Transaction Publishers},
  Year                     = {1985},

  ISBN                     = {1412832225},
  Type                     = {Book}
}

@InProceedings{Mahadevan2010,
  Title                    = {Anomaly detection in crowded scenes},
  Author                   = {Mahadevan, Vijay and Li, Weixin and Bhalodia, Viral and Vasconcelos, Nuno},
  Booktitle                = {Computer Vision and Pattern Recognition (CVPR), 2010 IEEE Conference on},
  Year                     = {2010},
  Pages                    = {1975-1981},
  Publisher                = {IEEE},

  ISBN                     = {1424469848},
  Type                     = {Conference Proceedings}
}

@InProceedings{Marana1998,
  Title                    = {On the efficacy of texture analysis for crowd monitoring},
  Author                   = {Marana, AN and Costa, L da F and Lotufo, RA and Velastin, SA},
  Booktitle                = {Computer Graphics, Image Processing, and Vision, 1998. Proceedings. SIBGRAPI'98. International Symposium on},
  Year                     = {1998},
  Pages                    = {354-361},
  Publisher                = {IEEE},

  ISBN                     = {0818692154},
  Type                     = {Conference Proceedings}
}

@InProceedings{Marana1997,
  Title                    = {Estimation of crowd density using image processing},
  Author                   = {Marana, AN and Velastin, SA and Costa, LF and Lotufo, RA},
  Booktitle                = {Image Processing for Security Applications (Digest No.: 1997/074), IEE Colloquium on},
  Year                     = {1997},
  Pages                    = {11/1-11/8},
  Publisher                = {IET},

  Type                     = {Conference Proceedings}
}

@InProceedings{Marana1999,
  Title                    = {Estimating crowd density with Minkowski fractal dimension},
  Author                   = {Marana, Aparecido Nilceu and da Fontoura Costa, Luciano and Lotufo, RA and Velastin, Sergio A},
  Booktitle                = {Acoustics, Speech, and Signal Processing, 1999. Proceedings., 1999 IEEE International Conference on},
  Year                     = {1999},
  Pages                    = {3521-3524},
  Publisher                = {IEEE},
  Volume                   = {6},

  ISBN                     = {0780350413},
  Type                     = {Conference Proceedings}
}

@Book{McClelland2010,
  Title                    = {The Crowd and the Mob (Routledge Revivals): From Plato to Canetti},
  Author                   = {McClelland, John S},
  Publisher                = {Routledge},
  Year                     = {2010},

  ISBN                     = {1136857141},
  Type                     = {Book}
}

@Article{McPhail1983,
  Title                    = {Individual and collective behaviors within gatherings, demonstrations, and riots},
  Author                   = {McPhail, Clark and Wohlstein, Ronald T},
  Journal                  = {Annual Review of Sociology},
  Year                     = {1983},
  Pages                    = {579-600},

  ISSN                     = {0360-0572},
  Type                     = {Journal Article}
}

@InProceedings{Mehran2009,
  Title                    = {Abnormal crowd behavior detection using social force model},
  Author                   = {Mehran, Ramin and Oyama, Alexis and Shah, Mubarak},
  Booktitle                = {Computer Vision and Pattern Recognition, 2009. CVPR 2009. IEEE Conference on},
  Year                     = {2009},
  Pages                    = {935-942},
  Publisher                = {IEEE},

  ISBN                     = {1424439922},
  Type                     = {Conference Proceedings}
}

@Book{Momboisse1967,
  Title                    = {Riots, revolts, and insurrections},
  Author                   = {Momboisse, Raymond M},
  Publisher                = {CC Thomas},
  Year                     = {1967},

  Type                     = {Book}
}

@InProceedings{Nguyen2005,
  Title                    = {Crowd behavior cognitive model architecture design},
  Author                   = {Nguyen, QH and McKenzie, Frederic D and Petty, Mikel D},
  Booktitle                = {Proceedings of the 2005 conference on behavior representation in modeling and simulation (BRIMS)},
  Year                     = {2005},
  Pages                    = {55-64},

  Type                     = {Conference Proceedings}
}

@Article{Ortony1990,
  Title                    = {What's basic about basic emotions?},
  Author                   = {Ortony, Andrew and Turner, Terence J},
  Journal                  = {Psychological review},
  Year                     = {1990},
  Number                   = {3},
  Pages                    = {315},
  Volume                   = {97},

  ISSN                     = {1939-1471},
  Type                     = {Journal Article}
}

@Article{Pelechano2008,
  Title                    = {Virtual crowds: Methods, simulation, and control},
  Author                   = {Pelechano, Nuria and Allbeck, Jan M and Badler, Norman I},
  Journal                  = {Synthesis Lectures on Computer Graphics and Animation},
  Year                     = {2008},
  Number                   = {1},
  Pages                    = {1-176},
  Volume                   = {3},

  Type                     = {Journal Article}
}

@InProceedings{Petty2004,
  Title                    = {Developing a crowd federate for military simulation},
  Author                   = {Petty, Mikel D and McKenzie, Frederic D and Gaskins, Ryland C and Weisel, Eric W},
  Booktitle                = {Proceedings of the Spring 2004 Simulation Interoperability Workshop (SIW)},
  Year                     = {2004},
  Pages                    = {483-493},

  Type                     = {Conference Proceedings}
}

@InProceedings{Pham2007,
  Title                    = {Real-time posture analysis in a crowd using thermal imaging},
  Author                   = {Pham, Quoc-Cuong and Gond, Laetitia and Begard, Julien and Allezard, Nicolas and Sayd, Patrick},
  Booktitle                = {Computer Vision and Pattern Recognition, 2007. CVPR'07. IEEE Conference on},
  Year                     = {2007},
  Pages                    = {1-8},
  Publisher                = {IEEE},

  ISBN                     = {1424411793},
  Type                     = {Conference Proceedings}
}

@Article{Plutchik1980,
  Title                    = {A general psychoevolutionary theory of emotion},
  Author                   = {Plutchik, Robert},
  Journal                  = {Theories of emotion},
  Year                     = {1980},
  Volume                   = {1},
  Type                     = {Journal Article}
}

@article{plutchik2001nature,
  title={The Nature of Emotions Human emotions have deep evolutionary roots, a fact that may explain their complexity and provide tools for clinical practice},
  author={Plutchik, Robert},
  journal={American Scientist},
  volume={89},
  number={4},
  pages={344--350},
  year={2001},
  publisher={Sigma Xi Scientific Research Society}
}

@article{plutchik2001integration,
  title={Integration, Differentiation, and Derivatives of Emotion},
  author={Plutchik, Robert},
  journal={Evolution and Cognition},
  volume={7},
  number={2},
  pages={114--125},
  year={2001},
  publisher={Konrad Lorenz Institut f\"{u}r Evolutions}
}

@Article{Ramesh2014,
  Title                    = {Context aware ad hoc network for mitigation of crowd disasters},
  Author                   = {Ramesh, Maneesha Vinodini and Shanmughan, Anjitha and Prabha, Rekha},
  Journal                  = {Ad Hoc Networks},
  Year                     = {2014},
  Pages                    = {55-70},
  Volume                   = {18},

  ISSN                     = {1570-8705},
  Type                     = {Journal Article}
}

@TechReport{Roggen2011,
  Title                    = {Recognition of Crowd Behavior from Mobile Sensors with Pattern Analysis and Graph Clustering Methods},
  Author                   = {Roggen, Daniel and Wirz, Martin and Tr\"{o}ster, Gerhard and Helbing, Dirk},
  Year                     = {2011},
  Type                     = {Report}
}

@InProceedings{Sakaki2010,
  Title                    = {Earthquake shakes Twitter users: real-time event detection by social sensors},
  Author                   = {Sakaki, Takeshi and Okazaki, Makoto and Matsuo, Yutaka},
  Booktitle                = {Proceedings of the 19th international conference on World wide web},
  Year                     = {2010},
  Pages                    = {851-860},
  Publisher                = {ACM},

  ISBN                     = {1605587990},
  Type                     = {Conference Proceedings}
}

@Article{Schweingruber2000,
  Title                    = {Mob sociology and escalated force: Sociology's contribution to repressive police tactics},
  Author                   = {Schweingruber, David},
  Journal                  = {The Sociological Quarterly},
  Year                     = {2000},
  Number                   = {3},
  Pages                    = {371-389},
  Volume                   = {41},

  ISSN                     = {1533-8525},
  Type                     = {Journal Article}
}

@InProceedings{Shiwakoti2008,
  Title                    = {Modelling pedestrian behaviour under emergency conditionsâ€“state-of-the-art and future directions},
  Author                   = {Shiwakoti, Nirajan and Sarvi, Majid and Rose, Geoff},
  Booktitle                = {31 st Australasian Transport Research Forum (ATRF)},
  Year                     = {2008},
  Pages                    = {457-473},

  Type                     = {Conference Proceedings}
}

@Book{Smelser1998,
  Title                    = {The social edges of psychoanalysis},
  Author                   = {Smelser, Neil J},
  Publisher                = {Univ of California Press},
  Year                     = {1998},

  ISBN                     = {0520921372},
  Type                     = {Book}
}

@Article{Soomaroo2012,
  Title                    = {Disasters at mass gatherings: lessons from history},
  Author                   = {Soomaroo, Lee and Murray, Virginia},
  Journal                  = {PLoS currents},
  Year                     = {2012},
  Volume                   = {4},

  Type                     = {Journal Article}
}

@InProceedings{Stopczynski2013,
  Title                    = {Participatory Bluetooth sensing: A method for acquiring spatio-temporal data about participant mobility and interactions at large scale events},
  Author                   = {Stopczynski, Arkadiusz and Larsen, Jakob Eg and Lehmann, Sune and Dynowski, Lukasz and Fuentes, Marcos},
  Booktitle                = {Pervasive Computing and Communications Workshops (PERCOM Workshops), 2013 IEEE International Conference on},
  Year                     = {2013},
  Pages                    = {242-247},
  Publisher                = {IEEE},

  ISBN                     = {1467350753},
  Type                     = {Conference Proceedings}
}

@InProceedings{Velastin1999,
  Title                    = {Detection of potentially dangerous situations involving crowds using image processing},
  Author                   = {Velastin, Sergio A and Boghossian, Boghos A and Lazzarato, Andrea},
  Booktitle                = {IIA/SOCO},
  Year                     = {1999},

  Type                     = {Conference Proceedings}
}

@InProceedings{Vieweg2010,
  Title                    = {Microblogging during two natural hazards events: what twitter may contribute to situational awareness},
  Author                   = {Vieweg, Sarah and Hughes, Amanda L and Starbird, Kate and Palen, Leysia},
  Booktitle                = {Proceedings of the SIGCHI Conference on Human Factors in Computing Systems},
  Year                     = {2010},
  Pages                    = {1079-1088},
  Publisher                = {ACM},

  ISBN                     = {1605589292},
  Type                     = {Conference Proceedings}
}

@InProceedings{Weppner2013,
  Title                    = {Bluetooth based collaborative crowd density estimation with mobile phones},
  Author                   = {Weppner, Jens and Lukowicz, Paul},
  Booktitle                = {Pervasive Computing and Communications (PerCom), 2013 IEEE International Conference on},
  Year                     = {2013},
  Pages                    = {193-200},
  Publisher                = {IEEE},

  ISBN                     = {1467345733},
  Type                     = {Conference Proceedings}
}

@Article{Weppner2011,
  Title                    = {Collaborative crowd density estimation with mobile phones},
  Author                   = {Weppner, Jens and Lukowicz, Paul},
  Journal                  = {Proc. of ACM PhoneSense},
  Year                     = {2011},

  Type                     = {Journal Article}
}

@Article{Wirz2013,
  Title                    = {Probing crowd density through smartphones in city-scale mass gatherings},
  Author                   = {Wirz, Martin and Franke, Tobias and Roggen, Daniel and Mitleton-Kelly, Eve and Lukowicz, Paul and Tr\"{o}ster, Gerhard},
  Journal                  = {EPJ Data Science},
  Year                     = {2013},
  Number                   = {1},
  Pages                    = {1-24},
  Volume                   = {2},

  ISSN                     = {2193-1127},
  Type                     = {Journal Article}
}

@InProceedings{Wirz2012,
  Title                    = {Inferring crowd conditions from pedestrians' location traces for real-time crowd monitoring during city-scale mass gatherings},
  Author                   = {Wirz, Martin and Franke, Tobias and Roggen, Daniel and Mitleton-Kelly, Eve and Lukowicz, Paul and Troster, Gerhard},
  Booktitle                = {Enabling Technologies: Infrastructure for Collaborative Enterprises (WETICE), 2012 IEEE 21st International Workshop on},
  Year                     = {2012},
  Pages                    = {367-372},
  Publisher                = {IEEE},

  ISBN                     = {1467318884},
  Type                     = {Conference Proceedings}
}

@InProceedings{Xu2013,
  Title                    = {Crowd++: unsupervised speaker count with smartphones},
  Author                   = {Xu, Chenren and Li, Sugang and Liu, Gang and Zhang, Yanyong and Miluzzo, Emiliano and Chen, Yih-Farn and Li, Jun and Firner, Bernhard},
  Booktitle                = {Proceedings of the 2013 ACM international joint conference on Pervasive and ubiquitous computing},
  Year                     = {2013},
  Pages                    = {43-52},
  Publisher                = {ACM},

  ISBN                     = {1450317707},
  Type                     = {Conference Proceedings}
}

@Article{Yaseen2013,
  Title                    = {Real-time crowd density mapping using a novel sensory fusion model of infrared and visual systems},
  Author                   = {Yaseen, S and Al-Habaibeh, A and Su, D and Otham, F},
  Journal                  = {Safety science},
  Year                     = {2013},
  Pages                    = {313-325},
  Volume                   = {57},

  ISSN                     = {0925-7535},
  Type                     = {Journal Article}
}

@Article{Ye2008,
  Title                    = {Walking behavior and pedestrian flow characteristics for different types of walking facilities},
  Author                   = {Ye, Jianhong and Chen, Xiaohong and Yang, Chao and Wu, Jiaorong},
  Journal                  = {Transportation Research Record: Journal of the Transportation Research Board},
  Year                     = {2008},
  Number                   = {1},
  Pages                    = {43-51},
  Volume                   = {2048},

  ISSN                     = {0361-1981},
  Type                     = {Journal Article}
}

@Article{Yin2012,
  Title                    = {Using social media to enhance emergency situation awareness},
  Author                   = {Yin, Jie and Lampert, Andrew and Cameron, Mark and Robinson, Bella and Power, Robert},
  Journal                  = {IEEE Intelligent Systems},
  Year                     = {2012},
  Number                   = {6},
  Pages                    = {52-59},
  Volume                   = {27},

  Type                     = {Journal Article}
}

@Article{Zeitz2009,
  Title                    = {Crowd behavior at mass gatherings: a literature review},
  Author                   = {Zeitz, Kathryn M and Tan, Heather M and Grief, M and Couns, PC and Zeitz, Christopher J},
  Journal                  = {Prehospital and disaster medicine},
  Year                     = {2009},
  Number                   = {01},
  Pages                    = {32-38},
  Volume                   = {24},

  ISSN                     = {1945-1938},
  Type                     = {Journal Article}
}

@Article{Zhou2010,
  Title                    = {Crowd modeling and simulation technologies},
  Author                   = {Zhou, Suiping and Chen, Dan and Cai, Wentong and Luo, Linbo and Low, Malcolm Yoke Hean and Tian, Feng and Tay, Victor Su-Han and Ong, Darren Wee Sze and Hamilton, Benjamin D},
  Journal                  = {ACM Transactions on Modeling and Computer Simulation (TOMACS)},
  Year                     = {2010},
  Number                   = {4},
  Pages                    = {20},
  Volume                   = {20},

  ISSN                     = {1049-3301},
  Type                     = {Journal Article}
}

@inproceedings{guo2014participatory,
  title={From participatory sensing to mobile crowd sensing},
  author={Guo, Bin and Yu, Zhiwen and Zhou, Xingshe and Zhang, Daqing},
  booktitle={Pervasive Computing and Communications Workshops (PERCOM Workshops), 2014 IEEE International Conference on},
  pages={593--598},
  year={2014},
  organization={IEEE}
}

@inproceedings{ravi2005activity,
  title={Activity recognition from accelerometer data},
  author={Ravi, Nishkam and Dandekar, Nikhil and Mysore, Preetham and Littman, Michael L},
  booktitle={AAAI},
  volume={5},
  pages={1541--1546},
  year={2005}
}

@article{kwapisz2011activity,
  title={Activity recognition using cell phone accelerometers},
  author={Kwapisz, Jennifer R and Weiss, Gary M and Moore, Samuel A},
  journal={ACM SigKDD Explorations Newsletter},
  volume={12},
  number={2},
  pages={74--82},
  year={2011},
  publisher={ACM}
}

@article{jasper2011emotions,
  title={Emotions and social movements: Twenty years of theory and research},
  author={Jasper, James M},
  journal={Annual Review of Sociology},
  volume={37},
  pages={285--303},
  year={2011},
  publisher={Annual Reviews}
}

@inproceedings{mohammad2012emotional,
  title={\#Emotional tweets},
  author={Mohammad, Saif M},
  booktitle={Proceedings of the First Joint Conference on Lexical and Computational Semantics-Volume 1: Proceedings of the main conference and the shared task, and Volume 2: Proceedings of the Sixth International Workshop on Semantic Evaluation},
  pages={246--255},
  year={2012},
  organization={Association for Computational Linguistics}
}

@article{mohammad2014using,
  title={Using hashtags to capture fine emotion categories from tweets},
  author={Mohammad, Saif M and Kiritchenko, Svetlana},
  journal={Computational Intelligence},
  year={2014},
  publisher={Wiley Online Library}
}

@inproceedings{alm2005emotions,
  title={Emotions from text: machine learning for text-based emotion prediction},
  author={Alm, Cecilia Ovesdotter and Roth, Dan and Sproat, Richard},
  booktitle={Proceedings of the conference on Human Language Technology and Empirical Methods in Natural Language Processing},
  pages={579--586},
  year={2005},
  organization={Association for Computational Linguistics}
}

@inproceedings{busso2004analysis,
  title={Analysis of emotion recognition using facial expressions, speech and multimodal information},
  author={Busso, Carlos and Deng, Zhigang and Yildirim, Serdar and Bulut, Murtaza and Lee, Chul Min and Kazemzadeh, Abe and Lee, Sungbok and Neumann, Ulrich and Narayanan, Shrikanth},
  booktitle={Proceedings of the 6th international conference on Multimodal interfaces},
  pages={205--211},
  year={2004},
  organization={ACM}
}

@article{sobin1999emotion,
  title={Emotion in speech: The acoustic attributes of fear, anger, sadness, and joy},
  author={Sobin, Christina and Alpert, Murray},
  journal={Journal of psycholinguistic research},
  volume={28},
  number={4},
  pages={347--365},
  year={1999},
  publisher={Springer}
}

@article{cowie2003describing,
  title={Describing the emotional states that are expressed in speech},
  author={Cowie, Roddy and Cornelius, Randolph R},
  journal={Speech communication},
  volume={40},
  number={1},
  pages={5--32},
  year={2003},
  publisher={Elsevier}
}

@article{bollen2009modeling,
  title={Modeling public mood and emotion: Twitter sentiment and socio-economic phenomena},
  author={Bollen, Johan and Pepe, Alberto and Mao, Huina},
  journal={arXiv preprint arXiv:0911.1583},
  year={2009}
}

@inproceedings{pepe2008between,
  title={Between Conjecture and Memento: Shaping A Collective Emotional Perception of the Future.},
  author={Pepe, Alberto and Bollen, Johan},
  booktitle={AAAI Spring Symposium: Emotion, Personality, and Social Behavior},
  pages={111--116},
  year={2008}
}

@book{mcphail1991myth,
  title={The myth of the madding crowd},
  author={McPhail, Clark},
  year={1991},
  publisher={Transaction Publishers}
}

@inproceedings{java2007we,
  title={Why we twitter: understanding microblogging usage and communities},
  author={Java, Akshay and Song, Xiaodan and Finin, Tim and Tseng, Belle},
  booktitle={Proceedings of the 9th WebKDD and 1st SNA-KDD 2007 workshop on Web mining and social network analysis},
  pages={56--65},
  year={2007},
  organization={ACM}
}

@inproceedings{roberts2012empatweet,
  title={EmpaTweet: Annotating and Detecting Emotions on Twitter.},
  author={Roberts, Kirk and Roach, Michael A and Johnson, Joseph and Guthrie, Josh and Harabagiu, Sanda M},
  booktitle={LREC},
  pages={3806--3813},
  year={2012}
}

@inproceedings{strapparava2008learning,
  title={Learning to identify emotions in text},
  author={Strapparava, Carlo and Mihalcea, Rada},
  booktitle={Proceedings of the 2008 ACM symposium on Applied computing},
  pages={1556--1560},
  year={2008},
  organization={ACM}
}

@inproceedings{mohammad2011once,
  title={From once upon a time to happily ever after: Tracking emotions in novels and fairy tales},
  author={Mohammad, Saif},
  booktitle={Proceedings of the 5th ACL-HLT Workshop on Language Technology for Cultural Heritage, Social Sciences, and Humanities},
  pages={105--114},
  year={2011},
  organization={Association for Computational Linguistics}
}

@inproceedings{mohammad2011tracking,
  title={Tracking sentiment in mail: how genders differ on emotional axes},
  author={Mohammad, Saif M and Yang, Tony Wenda},
  booktitle={Proceedings of the 2nd Workshop on Computational Approaches to Subjectivity and Sentiment Analysis (ACL-HLT 2011},
  pages={70--79},
  year={2011}
}

@article{barsade1998group,
  title={Group emotion: A view from top and bottom},
  author={Bars{\"a}de, Sigal G and Gibson, Donald E},
  journal={Research on managing groups and teams},
  volume={1},
  pages={81--102},
  year={1998}
}

@article{smith2007can,
  title={Can emotions be truly group level? Evidence regarding four conceptual criteria.},
  author={Smith, Eliot R and Seger, Charles R and Mackie, Diane M},
  journal={Journal of personality and social psychology},
  volume={93},
  number={3},
  pages={431},
  year={2007},
  publisher={American Psychological Association}
}

@inproceedings{jasper1998emotions,
  title={The emotions of protest: Affective and reactive emotions in and around social movements},
  author={Jasper, James M},
  booktitle={Sociological forum},
  volume={13},
  number={3},
  pages={397--424},
  year={1998},
  organization={Springer}
}

@article{ekman1971constants,
  title={Constants across cultures in the face and emotion.},
  author={Ekman, Paul and Friesen, Wallace V},
  journal={Journal of personality and social psychology},
  volume={17},
  number={2},
  pages={124},
  year={1971},
  publisher={American Psychological Association}
}

@article{russell1980circumplex,
  title={A circumplex model of affect.},
  author={Russell, James A},
  journal={Journal of personality and social psychology},
  volume={39},
  number={6},
  pages={1161},
  year={1980},
  publisher={American Psychological Association}
}

@InProceedings{manning-EtAl:2014:P14-5,
  author    = {Manning, Christopher D. and Surdeanu, Mihai and Bauer, John and Finkel, Jenny and Bethard, Steven J. and McClosky, David},
  title     = {The {Stanford} {CoreNLP} Natural Language Processing Toolkit},
  booktitle = {Proceedings of 52nd Annual Meeting of the Association for Computational Linguistics: System Demonstrations},
  year      = {2014},
  pages     = {55--60},
  url       = {http://www.aclweb.org/anthology/P/P14/P14-5010}
}

@article{ziemann2009amygdala,
  title={The amygdala is a chemosensor that detects carbon dioxide and acidosis to elicit fear behavior},
  author={Ziemann, Adam E and Allen, Jason E and Dahdaleh, Nader S and Drebot, Iuliia I and Coryell, Matthew W and Wunsch, Amanda M and Lynch, Cynthia M and Faraci, Frank M and Howard, Matthew A and Welsh, Michael J and others},
  journal={Cell},
  volume={139},
  number={5},
  pages={1012--1021},
  year={2009},
  publisher={Elsevier}
}

@article{ray2014shame,
  title={Shame and the city--â€˜lootingâ€™, emotions and social structure},
  author={Ray, Larry},
  journal={The Sociological Review},
  volume={62},
  number={1},
  pages={117--136},
  year={2014},
  publisher={Wiley Online Library}
}

@article{scherer2005emotions,
  title={What are emotions? And how can they be measured?},
  author={Scherer, Klaus R},
  journal={Social science information},
  volume={44},
  number={4},
  pages={695--729},
  year={2005},
  publisher={Sage Publications}
}

@article{rowland1986sensation,
  title={Sensation seeking and participation in sporting activities},
  author={Rowland, Guy L and Franken, Robert E and Harrison, Kirnberley},
  journal={Journal of Sport Psychology},
  volume={8},
  number={3},
  pages={212--220},
  year={1986}
}

@article{kaplan2010users,
  title={Users of the world, unite! The challenges and opportunities of Social Media},
  author={Kaplan, Andreas M and Haenlein, Michael},
  journal={Business horizons},
  volume={53},
  number={1},
  pages={59--68},
  year={2010},
  publisher={Elsevier}
}

@techreport{joachims1996probabilistic,
  title={A Probabilistic Analysis of the Rocchio Algorithm with TFIDF for Text Categorization.},
  author={Joachims, Thorsten},
  year={1996},
  institution={DTIC Document}
}